<?xml version="1.0" encoding="UTF-8"?><collection xmlns="http://www.loc.gov/MARC21/slim"><record><leader>00605nam--2200205-u-4500</leader><controlfield tag="001">000050782</controlfield><controlfield tag="002">20161230</controlfield><controlfield tag="005">20161230201048</controlfield><controlfield tag="008">080403s1000------------r-----000-0-eng-d</controlfield><datafield ind1=" " ind2=" " tag="020"><subfield code="a">1860944809</subfield></datafield><datafield ind1=" " ind2=" " tag="040"><subfield code="a">IFIN-HH</subfield></datafield><datafield ind1=" " ind2=" " tag="080"><subfield code="a">538.9:53.06</subfield></datafield><datafield ind1="1" ind2=" " tag="100"><subfield code="a">Guozhong Cao</subfield></datafield><datafield ind1="1" ind2="0" tag="245"><subfield code="a">Nanostructures &amp; Nanomaterials</subfield><subfield code="b">Synthesis, Properties &amp; Applications</subfield><subfield code="c">Cao Gouzhong</subfield></datafield><datafield ind1=" " ind2=" " tag="260"><subfield code="a">London</subfield><subfield code="b">Imperial College Press</subfield><subfield code="c">2004</subfield></datafield><datafield ind1=" " ind2=" " tag="300"><subfield code="a">433 p</subfield></datafield><datafield ind1=" " ind2=" " tag="504"><subfield code="a">Includes Bibliographical References</subfield></datafield><datafield ind1=" " ind2="4" tag="650"><subfield code="a">Zero-Dimensional Nanostructures:Nanoparticles</subfield></datafield><datafield ind1=" " ind2=" " tag="852"><subfield code="c">538.9</subfield></datafield><datafield ind1=" " ind2=" " tag="CAT"><subfield code="a">Sys</subfield><subfield code="c">20110209</subfield><subfield code="h">105529</subfield></datafield></record></collection>